% Encoding: UTF-8

@Article{Lorenz1867,
  author    = {Lorenz, Ludvig},
  title     = {{XXXVIII}. On the identity of the vibrations of light with electrical currents},
  journal   = {The London, Edinburgh, and Dublin Philosophical Magazine and Journal of Science},
  year      = {1867},
  volume    = {34},
  number    = {230},
  pages     = {287--301},
  month     = {oct},
  doi       = {10.1080/14786446708639882},
  publisher = {Informa {UK} Limited},
}

@Article{Bladel1991a,
  author    = {van Bladel, Jean},
  title     = {Lorenz or Lorentz?},
  journal   = {{IEEE} Antennas and Propagation Magazine},
  year      = {1991},
  volume    = {33},
  number    = {2},
  pages     = {69--69},
  month     = {apr},
  doi       = {10.1109/map.1991.5672647},
  publisher = {Institute of Electrical and Electronics Engineers ({IEEE})},
}

@Article{Bladel1991b,
  author        = {van Bladel, Jean},
  title         = {Lorenz or Lorentz? [Addendum]},
  journal       = {{IEEE} Antennas and Propagation Magazine},
  year          = {1991},
  volume        = {33},
  number        = {4},
  pages         = {56--56},
  month         = {aug},
  __markedentry = {[yfwang:]},
  doi           = {10.1109/map.1991.5672657},
  publisher     = {Institute of Electrical and Electronics Engineers ({IEEE})},
}

@misc{NIST:DLMF,
         key = "{\relax DLMF}",
       title = "{\it NIST Digital Library of Mathematical Functions}",
howpublished = "http://dlmf.nist.gov/, Release 1.0.22 of 2019-03-15",
         url = "http://dlmf.nist.gov/",
        note = "F.~W.~J. Olver, A.~B. {Olde Daalhuis}, D.~W. Lozier, B.~I. Schneider,
                R.~F. Boisvert, C.~W. Clark, B.~R. Miller and B.~V. Saunders, eds."}

@Comment{jabref-meta: databaseType:bibtex;}
